
@article{auchincloss2013,
  title = {Neighborhood Health-Promoting Resources and Obesity Risk (the Multi-Ethnic Study of Atherosclerosis)},
  author = {Auchincloss, Amy H. and Mujahid, Mahasin S. and Shen, Mingwu and Michos, Erin D. and {Whitt-Glover}, Melicia C. and Diez Roux, Ana V.},
  year = {2013},
  month = mar,
  journal = {Obesity},
  volume = {21},
  number = {3},
  pages = {621--628},
  doi = {10.1002/oby.20255}
}

@misc{cdc2021,
  title = {{{PLACES}}: {{Local Data}} for {{Better Health}}},
  shorttitle = {{{PLACES}}},
  author = {CDC},
  year = {2021},
  month = oct,
  journal = {Centers for Disease Control and Prevention},
  howpublished = {https://www.cdc.gov/places/index.html},
  langid = {american},
  file = {C\:\\Users\\chris\\Zotero\\storage\\DQCJVK3F\\places.html}
}

@misc{dataaxle2021,
  title = {Data {{Axle}} - Helping Businesses Make Money through Data, Technology, \& Services},
  author = {{Data-Axle}},
  journal = {Data Axle},
  howpublished = {https://www.data-axle.com/},
  langid = {american},
  file = {C\:\\Users\\chris\\Zotero\\storage\\JK7UIIAB\\www.data-axle.com.html}
}

@misc{esri2021,
  title = {{{ArcGIS Community Analyst}}},
  author = {Esri},
  journal = {Esri},
  howpublished = {https://communityanalyst.arcgis.com/},
  file = {C\:\\Users\\chris\\Zotero\\storage\\FRJPW2BM\\login.html}
}

@article{havranek2015,
  title = {Social {{Determinants}} of {{Risk}} and {{Outcomes}} for {{Cardiovascular Disease}}: {{A Scientific Statement From}} the {{American Heart Association}}},
  author = {Havranek, Edward P. and Mujahid, Mahasin S. and Barr, Donald A. and Blair, Irene V. and Cohen, Meryl S. and {Cruz-Flores}, Salvador and {Davey-Smith}, George and {Dennison-Himmelfarb}, Cheryl R. and Lauer, Michael S.},
  year = {2015},
  month = sep,
  journal = {Circulation},
  volume = {132},
  number = {9},
  pages = {873--898},
  doi = {10.1161/CIR.0000000000000228}
}

@article{morris19,
  title = {Relation of {{Living}} in a ``{{Food Desert}}'' to {{Recurrent Hospitalizations}} in {{Patients With Heart Failure}}},
  author = {Morris, Alanna A. and McAllister, Paris and Grant, Aubrey and Geng, Siyi and Kelli, Heval M. and Kalogeropoulos, Andreas and Quyyumi, Arshed and Butler, Javed},
  year = {19},
  month = jan,
  journal = {The American Journal of Cardiology},
  volume = {123},
  number = {2},
  pages = {291--296},
  doi = {10.1016/j.amjcard.2018.10.004}
}

@book{silverman1986,
  title = {Density {{Estimation}} for {{Statistics}} and {{Data Analysis}}},
  author = {Silverman, Bernard W.},
  year = {1986},
  month = apr,
  publisher = {{CRC Press}},
  isbn = {978-0-412-24620-3},
  langid = {english},
  keywords = {Mathematics / Probability \& Statistics / General}
}

@misc{wonder2019,
  title = {Underlying {{Cause}} of {{Death}}, 1999-2019 {{Results}}},
  author = {CDC},
  year = {2020},
  journal = {CDC WONDER},
  howpublished = {http://wonder.cdc.gov/ucd-icd10.html},
  file = {C\:\\Users\\chris\\Zotero\\storage\\56TUUP8Y\\D76\;jsessionid=6AF2BAE2D8D284C422D723A8C66B.html}
}


